%%%%%%%%%%%%%%%%%%%%%%%%%%%%%%%%%%%%%%%%%%%%%%%%%%%%%%%%%%%%%%%%%%%%%%%%%%%%%%%%%%%%%%%%%%%%%%%%%%%%%%%%%%%%%%%%%
%
% BiBTex FILE CONTAINS REFERENCES USED IN MASTERS THESIS
%
% L. Gloege, August 2013  TO DO : ALPHABETIZE THIS
%%%%%%%%%%%%%%%%%%%%%%%%%%%%%%%%%%%%%%%%%%%%%%%%%%%%%%%%%%%%%%%%%%%%%%%%%%%%%%%%%%%%%%%%%%%%%%%%%%%%%%%%%%%%%%%%%

@article{fairall1996bulk,
  title={Bulk parameterization of air-sea fluxes for tropical ocean-global atmosphere coupled-ocean atmosphere response experiment},
  author={Fairall, Chris W and Bradley, Edward F and Rogers, David P and Edson, James Bearer and Young, George S},
  journal={Journal of Geophysical Research},
  volume={101},
  number={C2},
  pages={3747--3764},
  year={1996},
  publisher={American Geophysical Union}
}

@article{austin_2013_glider,
  title={The potential for Autonomous Underwater Gliders in large lake research},
  author={Austin, Jay},
  journal={Journal of Great Lakes Research},
  volume={39},
  pages={8--13},
  year={2013},
  publisher={Elsevier}
}

% -- austin_2013
@article{austin_2013,
AUTHOR = {Austin, J.A},
TITLE = {Observations of Near-Inertial Energy in Lake Superior},
JOURNAL = {Limnol. Oceanogr.},
YEAR = {2013},
VOLUME = {58(2)},
PAGES = {715-728},
NOTE = {doi:10.4319/lo.2013.58.2.0715}
}

@article{austin2011sensitivity,
  title={Sensitivity of summer Lake Superior thermal structure to meteorological forcing},
  author={Austin, Jay A and Allen, Joshua},
  journal={Limnology and Oceanography},
  volume={56},
  number={3},
  pages={1141--1154},
  year={2011},
  publisher={American Society of Limnology and Oceanography, Inc., School of Oceanography, WB-10 Seattle WA 98195 USA}
}


@article{ahmed2013spatial,
  title={Spatial structure of internal Poincar{\'e} waves in Lake Michigan},
  author={Ahmed, Sultan and Troy, Cary D and Hawley, Nathan},
  journal={Environmental Fluid Mechanics},
  pages={1--21},
  year={2013},
  publisher={Springer}
}

% -- AI
@article{antenucci2001energetics,
author = {Antenucci, J.P and Imberger, J.},
title = {Energetics of long internal gravity waves in large lakes},
journal = {Limnol. Oceanogr.},
year = {2001},
volume = {46(7)},
pages = {1760:1773},
note = {}
}

@article{antenucci_2001_internal,
  title={On internal waves near the high-frequency limit in an enclosed basin},
  author={Antenucci, Jason P and Imberger, J{\"o}rg},
  journal={Journal of Geophysical Research: Oceans (1978--2012)},
  volume={106},
  number={C10},
  pages={22465--22474},
  year={2001}
}


@article{antenucci2000seasonal,
  title={Seasonal evolution of the basin-scale internal wave field in a large stratified lake},
  author={Antenucci, Jason P and Imberger, J{\"o}rg and Saggio, Angelo},
  journal={Limnology and Oceanography},
  volume={45},
  number={7},
  pages={1621--1638},
  year={2000}
}

% -- AI
@article{antenucci2003seasonal,
author = {Antenucci, J.P and Imberger, J.},
title = {The seasonal evolution of wind/internal wave resonance in Lake Kinneret},
journal = {Limnol. Oceanogr.},
year = {2003},
volume = {48(5)},
pages = {2055:2061},
note = {}
}

% -- DECREASE ENERGY NEAR SHORE
@article{blanton_1974,
  title={Some characteristics of nearshore currents along the north shore of Lake Ontario},
  author={Blanton, JO},
  journal={Journal of Physical Oceanography},
  volume={4},
  number={3},
  pages={415--424},
  year={1974}
}

% -- ADCP 
@article{bugnon_1991,
  title={Acoustic Doppler current meter},
  author={Bugnon, FJ and Whitehouse, IA},
  journal={Oceanic Engineering, IEEE Journal of},
  volume={16},
  number={4},
  pages={420--426},
  year={1991},
  publisher={IEEE}
}

% -- DEEP CHLOROPHYLL MAXIMUM
@article{barbiero_2004,
  title={The deep chlorophyll maximum in Lake Superior},
  author={Barbiero, Richard P and Tuchman, Marc L},
  journal={Journal of Great Lakes Research},
  volume={30},
  pages={256--268},
  year={2004},
  publisher={Elsevier}
}

@article{bauerle_1994,
  title={Transverse baroclinic oscillations in Lake {\"U}berlingen},
  author={B{\"a}uerle, Erich},
  journal={Aquatic sciences},
  volume={56},
  number={2},
  pages={145--160},
  year={1994},
  publisher={Springer}
}

% -- bauer_etal_1981
@article{bauer_etal_1981,
author = {Bauer, S. W. and others},
title = {Inertial Motion in Lake Geneva(Le Leman)},
journal = {Arch. Met. Geoph. Biokl., Ser. A},
year = {1981},
volume = {30},
pages = {289:312},
note = {}
}

@article{chen_millero_1986,
  title={Precise thermodynamic properties for natural waters covering only the limnological range},
  author={Chen, C-TA and Millero, Frank J},
  journal={Limnology and Oceanography},
  volume={31},
  number={3},
  pages={657--662},
  year={1986},
  publisher={American Society of Limnology and Oceanography}
}

% OCEAN DEEP CHLOROPHYLL MAX
@article{cullen1982deep,
  title={The deep chlorophyll maximum: comparing vertical profiles of chlorophyll a},
  author={Cullen, John J},
  journal={Canadian Journal of Fisheries and Aquatic Sciences},
  volume={39},
  number={5},
  pages={791--803},
  year={1982},
  publisher={NRC Research Press}
}

@book{schwab1996computerized,
  title={Computerized bathymetry and shorelines of the Great Lakes},
  author={Schwab, David J and Sellers, Diana L},
  year={1996},
  publisher={National Oceanographic and Atmospheric Administration, US Department of Commerce, Great Lakes Environmental Research Laboratory}
}

@mastersthesis{titze_thesis,
  title={Observations of the Winter Thermal Structure of Lake Superior},
  author={Titze, Daniel James},
  year={2013},
  school={University of Minnesota}
}


% -- beletsky_etal_1999
@article{beletsky_etal_1999,
author = {Beletsky, D. and others},
title = {Mean Circulation in the Great Lakes},
journal = {J. Great Lakes. Res.},
year = {1999},
volume = {25(1)},
pages = {79:93},
note = {}
}

% --bennett_1974
@article{bennett_1974,
author = {Bennett, J. R.},
title = {On the Dynamics of Wind-Driven Lake Currents},
journal = {J. Phys. Oceangr.},
year = {1974},
volume = {4},
pages = {400:414},
note = {}
}

% -- bennett_1978
@article{bennett_1978,
author = {Bennett, J. R.},
title = {Characteristics of the thermal regime of Lake Superior},
journal = {J. Great Lakes. Res.},
year = {1978},
volume = {4(3-4)},
pages = {310:319},
note = {}
}

% -- boyce_etal_1987
@article{boyce_etal_1987,
author = {Boyce, F. M. and Chiocchio, F.},
title = {Inertial Frequency current oscillations in the central basin of Lake Erie},
journal = {J. Great Lakes. Res.},
year = {1987},
volume = {13(4)},
pages = {542-558},
note = {}
}

% -- boyce_etal_1987(2)
@article{boyce_etal_1987(2),
author = {Boyce, F. M. and Chiocchio, F.},
title = {Water Movements at a mid-central basin site: time and space scales, relation to wind, and internal pressure gradients},
journal = {J. Great Lakes. Res.},
year = {1987},
volume = {13(4)},
pages = {530-541},
note = {}
}

@article{boyce1989thermal,
  title={Thermal structure and circulation in the Great Lakes},
  author={Boyce, FM and Donelan, MA and Hamblin, PF and Murthy, CR and Simons, TJ},
  journal={Atmosphere-ocean},
  volume={27},
  number={4},
  pages={607--642},
  year={1989},
  publisher={Taylor \& Francis}
}

@article{choi_2012,
  title={A year of internal Poincar{\'e} waves in southern Lake Michigan},
  author={Choi, Jun and Troy, Cary D and Hsieh, Tsung-Chan and Hawley, Nathan and McCormick, Michael J},
  journal={Journal of Geophysical Research: Oceans (1978--2012)},
  volume={117},
  number={C7},
  year={2012}
}

% -- csanady_1972
@article{csanady_1972,
author = {Csanady, G. T.},
title = {Response of Large Stratified Lake to Wind},
journal = {J. Phys. Oceanogr.},
year = {1972},
volume = {2(1)},
pages = {3-13},
note = {}
}

% -- csanady_1973
@article{csanady_1973,
author = {Csanady, G. T.},
title = {Transverse Internal Seiches in Large Oblong Lakes and Marginal Seas},
journal = {J. Phys. Oceanogr.},
year = {1973},
volume = {2(1)},
pages = {439-447},
note = {}
}


% -- 
@article{evans2008internal,
  title={Internal wave effects on photosynthesis: Experiments, theory, and modeling},
  author={Evans, Mary Anne and MacIntyre, Sally and Kling, George W},
  journal={Limnology and Oceanography},
  volume={53},
  number={1},
  pages={339},
  year={2008}
}

% -- GET THIS ARTICLE !!
@article{eriksen_1982,
  title={Observations of internal wave reflection off sloping bottoms},
  author={Eriksen, Charles C},
  journal={Journal of Geophysical Research: Oceans (1978--2012)},
  volume={87},
  number={C1},
  pages={525--538},
  year={1982}
}

@article{fricker_2000,
  title={Bathymetry, stratification, and â€˜internal seiche structure},
  author={Fricker, PD and Nepf, HM},
  journal={JOURNAL OF GEOPHYSICAL RESEARCH},
  volume={105},
  number={C6},
  pages={14--237},
  year={2000}
}

@book{glover_modeling_methods,
  title={Modeling methods for marine science},
  author={Glover, David M and Jenkins, William J and Doney, Scott C},
  year={2011},
  publisher={Cambridge University Press}
}

@article{gomez_2006,
  title={Spatial structure of the dominant basin-scale internal waves in Lake Kinneret},
  author={G{\'o}mez-Giraldo, Andr{\'e}s and Imberger, J{\"o}rg and Antenucci, Jason P},
  journal={Limnology and oceanography},
  volume={51},
  number={1},
  pages={229},
  year={2006}
}

% -- gonella_1972 (ROTARY SPECTRUM)
@article{gonella_1972,
author = {Gonella, J.},
title = {A rotary-component method for analyzing meteorological and oceanographic vector time series},
journal = {Deep-Sea Res.},
year = {1972},
volume = {19},
pages = {833-846},
note = {}
}

@article{haury1979tidally,
  title={Tidally generated internal wave packets in Massachusetts Bay},
  author={Haury, Loren R and Briscoe, Melbourne G and Orr, Marshall H},
  year={1979},
  publisher={Nature Publishing Group}
}

@article{haury1983tidally,
  title={Tidally generated high-frequency internal wave packets and their effects on plankton in Massachusetts Bay},
  author={Haury, Loren R and Wiebe, Peter H and Orr, Marshall H and Briscoe, Melbourne G},
  journal={Journal of Marine Research},
  volume={41},
  number={1},
  pages={65--112},
  year={1983},
  publisher={Sears Foundation for Marine Research}
}

% --hawley_2004
@article{hawley_2004,
author = {Hawley, N.},
title = {Response of the benthic nepheloid layer to near-inertial internal waves in southern Lake Michigan},
journal = {J. Geophys. Res.},
year = {2004},
volume = {109},
pages = {C04007},
note = { doi:10.1029/2003JC002128}
}


@article{horn_1986,
  title={Wind-induced internal seiches in Lake Zurich observed and modeled},
  author={Horn, Wilfried and Mortimer, Clifford Hiley and Schwab, David J},
  journal={Limnol. Oceanogr},
  volume={31},
  number={6},
  pages={1232--1254},
  year={1986}
}

@article{hongbo_et_al_1995,
  title={The Structure of Near-Inertial Waves during Ocean Storms},
  author={Qi, Hongbo and De Szoeke, Roland A and Paulson, Clayton A and Eriksen, Charles C},
  journal={Journal of Physical Oceanography},
  volume={25},
  number={11},
  pages={2853--2871},
  year={1995}
}

@article{ifygl,
  title={The International Field Year for the Great Lakes},
  author={McCulloch, James},
  journal={Hydrological Sciences Journal},
  volume={18},
  number={3},
  pages={367--373},
  year={1973},
  publisher={Taylor \& Francis}
}


@misc{kundu_cohen,
  title={Fluid Mechanics. fourth edition},
  author={Kundu, PK and Cohen, IM},
  year={2008},
  publisher={Elsevier Academic Press}
}

@article{ekman1904dead,
  title={On dead-water. norw. n. polar exped. 1893-1896: Sci. results},
  author={Ekman, VW},
  journal={Christiania XV},
  year={1904}
}


% --hodges_etal_2000
@article{hodges_etal_2000,
author = {Hodges, B. R. and others},
title = {Modeling basin-scale internal waves in a stratified lake},
journal = {Limnol. Oceanogr.},
year = {2000},
volume = {45(7)},
pages = {1603-1620},
note = { }
}

% --imburger_etal_2001
@article{imberger_etal_2001,
author = {Antenucci, J. P. and Imberger, J.},
title = {Energetics of long internal gravity waves in large lakes},
journal = {Limnol. Oceanogr.},
year = {2001},
volume = {46(7)},
pages = {1760-1773},
note = { }
}

% -- OBSERVATIONS IN OCEAN
@article{kim_2013,
  title={Observations of near-inertial surface currents off Oregon: Decorrelation time and length scales},
  author={Kim, Sung Yong and Kosro, P Michael},
  journal={Journal of Geophysical Research: Oceans},
  volume={118},
  number={7},
  pages={3723--3736},
  year={2013},
  publisher={Wiley Online Library}
}


@article{lemmin_2005,
  title={Internal seiche dynamics in Lake Geneva},
  author={Lemmin, U and Mortimer, CH and B{\"a}uerle, E and others},
  journal={Limnology and oceanography},
  volume={50},
  number={1},
  pages={207--216},
  year={2005}
}


@article{mortimer_1974,
  title={Lake hydrodynamics},
  author={Mortimer, Clifford Hiley},
  year={1974}
}

@article{marmorino_1978,
  title={Inertial Current in Lake Ontario, Winter 1972-73 (IFYGL)},
  author={Marmorino, George O},
  journal={Journal of Physical Oceanography},
  volume={8},
  number={6},
  pages={1104--1120},
  year={1978}
}

@article{mortimer_2006,
  title={Inertial oscillations and related internal beat pulsations and surges in Lakes Michigan and Ontario},
  author={Mortimer, CH and Reidenbach, Matthew A and Baums, Iliana B and Reyns, Nathalie B and Martin, Sophie and Zhang, Li and Meseck, Shannon L and Khripounoff, Alexis and Hampton, Stephanie E and Silsbe, GM and others},
  journal={Limnology and oceanography},
  volume={51},
  number={5},
  pages={1941--1955},
  year={2006}
}


% -- THERMOCLINE DISSOLVED SOLIDS
@article{perez1999significance,
  title={Significance of dissolved organic carbon in the prediction of thermocline depth in small Canadian Shield lakes},
  author={P{\'e}rez-Fuentetaja, Alicia and Dillon, Peter J and Yan, Norm D and McQueen, Donald J},
  journal={Aquatic Ecology},
  volume={33},
  number={2},
  pages={127--133},
  year={1999},
  publisher={Springer}
}

% -- LAKE ONTARIO ABOSERVATIONS
@article{pickett_1975,
  title={Lake Ontario mean temperatures and currents in July 1972},
  author={Pickett, RL and Richards, FP},
  journal={Journal of Physical Oceanography},
  volume={5},
  number={4},
  pages={775--781},
  year={1975}
}

% -- pollard_1969
@article{pollard_1969,
author = {Pollard, R. T.},
title = {On the generation by winds of inertial waves in the ocean},
journal = {Deep-Sea Res.},
year = {1970},
volume = {17},
pages = {795-812},
note = { }
}

% -- pollard_1970
@article{pollard_1970,
author = {Pollard, R. T. and Millard Jr., R. C.},
title = {Comparison between observed and simulated wind-generated inertial oscillations},
journal = {Deep-Sea Res.},
year = {1970},
volume = {17},
pages = {813-821},
note = { }
}


@article{rueda_2003,
  title={Basin-scale internal wave dynamics during a winter cooling period in a large lake},
  author={Rueda, Francisco J and Schladow, S Geoffrey and P{\'a}lmarsson, Sveinn {\'O}},
  journal={Journal of Geophysical Research: Oceans (1978--2012)},
  volume={108},
  number={C3},
  year={2003}
}

@article{sloss_1976,
  title={Large-scale current measurements in Lake Huron},
  author={Sloss, Peter W and Saylor, James H},
  journal={Journal of Geophysical Research},
  volume={81},
  number={18},
  pages={3069--3078},
  year={1976}
}

@article{snodgrass_etal_1966,
  title={Propagation of ocean swell across the Pacific},
  author={Snodgrass, Frank E and Groves, Gordon W and Hasselmann, KF and Miller, GR and Munk, WH and Powers, WH},
  journal={Philosophical Transactions of the Royal Society of London. Series A, Mathematical and Physical Sciences},
  volume={259},
  number={1103},
  pages={431--497},
  year={1966},
  publisher={The Royal Society}
}

@article{shimizu2007horizontal,
  title={Horizontal structure and excitation of primary motions in a strongly stratified lake},
  author={Shimizu, Kenji and Imberger, J{\"o}rg and Kumagai, Michio},
  journal={Limnology and Oceanography},
  volume={52},
  number={6},
  pages={2641},
  year={2007}
}

@article{schwab_1977,
  title={Internal free oscillations in Lake Ontario},
  author={Schwab, David J},
  journal={Limnol. Oceanogr},
  volume={22},
  number={4},
  pages={700--708},
  year={1977}
}

% -- stockwell_2004
@article{stockwell_2004,
author = {Stockwell, R. G. and others},
title = {Resonant inertial oscillations in moored buoy ocean surface winds},
journal = {Tellus.},
year = {2004},
volume = {56A},
pages = {536-547},
note = { }
}


@article{thomas_etal_1978,
  title={Sediments of Lake Superior},
  author={Thomas, RL and Dell, CI},
  journal={Journal of Great Lakes Research},
  volume={4},
  number={3},
  pages={264--275},
  year={1978},
  publisher={Elsevier}
}


@article{valerio_2012,
  title={The structure of basin-scale internal waves in a stratified lake in response to lake bathymetry and wind spatial and temporal distribution: Lake Iseo, Italy},
  author={Valerio, Giulia and Pilotti, Marco and Luisa Marti, Clelia and Imberger, J{\"o}rg},
  journal={Limnology and Oceanography},
  volume={57},
  number={3},
  pages={772},
  year={2012}
}

@article{witman1993pulsed,
  title={Pulsed phytoplankton supply to the rocky subtidal zone: influence of internal waves.},
  author={Witman, Jon D and Leichter, James J and Genovese, Salvatore J and Brooks, David A},
  journal={Proceedings of the National Academy of Sciences},
  volume={90},
  number={5},
  pages={1686--1690},
  year={1993},
  publisher={National Acad Sciences}
}

% -- briscoe_1975
% -- INERTNAL WAVE PAPERS
@article{briscoe_1975,
   author = {{Briscoe}, M.~G.},
    title = "{Introduction to collection of papers on oceanic internal waves}",
  journal = {\jgr},
 keywords = {Oceanography: Internal waves},
     year = 1975,
    month = jan,
   volume = 80,
    pages = {289-290},
      doi = {10.1029/JC080i003p00289},
   adsurl = {http://adsabs.harvard.edu/abs/1975JGR....80..289B},
  adsnote = {Provided by the SAO/NASA Astrophysics Data System}
}
